<record><leader>00000cas a22000007a 4500</leader><controlfield tag="001">17935692</controlfield><controlfield tag="008">880511d19001904ohudn ne      0    0eng d</controlfield><datafield ind1=" " ind2=" " tag="010"><subfield code="a">sn 88078566 </subfield></datafield><datafield ind1=" " ind2=" " tag="040"><subfield code="a">ONP</subfield><subfield code="b">eng</subfield><subfield code="c">ONP</subfield><subfield code="d">OCLCQ</subfield></datafield><datafield ind1=" " ind2=" " tag="042"><subfield code="a">msc</subfield></datafield><datafield ind1="0" ind2="4" tag="245"><subfield code="a">The Shelby daily herald.</subfield></datafield><datafield ind1=" " ind2=" " tag="260"><subfield code="a">Shelby, Ohio :</subfield><subfield code="b">Sheets Ptg. &amp; Mfg. Co.</subfield></datafield><datafield ind1=" " ind2=" " tag="310"><subfield code="a">Daily (except Sun.)</subfield></datafield><datafield ind1="1" ind2=" " tag="362"><subfield code="a">Began in 1900; ceased in 1904?</subfield></datafield><datafield ind1=" " ind2=" " tag="580"><subfield code="a">Weekly ed: Weekly Republican (Shelby, Ohio).</subfield></datafield><datafield ind1=" " ind2=" " tag="588"><subfield code="a">Description based on: Vol. 1, no. 217 (Aug. 10, 1901).</subfield></datafield><datafield ind1=" " ind2=" " tag="752"><subfield code="a">United States</subfield><subfield code="b">Ohio</subfield><subfield code="c">Richland</subfield><subfield code="d">Shelby.</subfield></datafield><datafield ind1="1" ind2=" " tag="775"><subfield code="t">Weekly Republican (Shelby, Ohio)</subfield></datafield></record>